<collection xmlns="http://www.loc.gov/MARC21/slim">
<record>
  <leader>03329nam0a2200565 i 450 </leader>
  <controlfield tag="001">IT\ICCU\CNCE\030996</controlfield>
  <controlfield tag="005">20150414000000.0</controlfield>
  <datafield tag="012" ind1=" " ind2=" ">
    <subfield code="a">apne i.n- taie roPa (3) 1524 (R)</subfield>
    <subfield code="2">fei</subfield>
  </datafield>
  <datafield tag="100" ind1=" " ind2=" ">
    <subfield code="a">19971201d1524        0itac0103    ba</subfield>
  </datafield>
  <datafield tag="101" ind1=" " ind2=" ">
    <subfield code="a">ITA</subfield>
  </datafield>
  <datafield tag="102" ind1=" " ind2=" ">
    <subfield code="a">IT</subfield>
  </datafield>
  <datafield tag="200" ind1="1" ind2=" ">
    <subfield code="a">Vita di S. Caterina da Siena</subfield>
  </datafield>
  <datafield tag="210" ind1=" " ind2=" ">
    <subfield code="e">Stampata nella magnifica &amp; inclita cipta di Siena</subfield>
    <subfield code="g">per Michelangelo di Bart. f.</subfield>
    <subfield code="g">ad instantia di maestro Giouanni di Alixandro libraro</subfield>
    <subfield code="h">adi X di maggio 1524</subfield>
  </datafield>
  <datafield tag="215" ind1=" " ind2=" ">
    <subfield code="a">\6!, 112 c.</subfield>
    <subfield code="c">ill., ritr.</subfield>
    <subfield code="d">4ʻ</subfield>
  </datafield>
  <datafield tag="300" ind1=" " ind2=" ">
    <subfield code="a">Il nome dell&apos;autore si ricava dall&apos;intitolazione</subfield>
  </datafield>
  <datafield tag="620" ind1=" " ind2=" ">
    <subfield code="a">IT</subfield>
    <subfield code="d">Siena</subfield>
  </datafield>
  <datafield tag="700" ind1=" " ind2="0">
    <subfield code="a">Raimondo</subfield>
    <subfield code="c"> : da#Capua</subfield>
    <subfield code="3">IT\ICCU\CNCA\007456</subfield>
  </datafield>
  <datafield tag="702" ind1=" " ind2="1">
    <subfield code="a">Politi,</subfield>
    <subfield code="b">Lancellotto</subfield>
    <subfield code="3">IT\ICCU\CNCA\006557</subfield>
  </datafield>
  <datafield tag="712" ind1="0" ind2="0">
    <subfield code="a">Libri, Michelangelo de&apos;</subfield>
    <subfield code="3">IT\ICCU\CNCT\002873</subfield>
    <subfield code="4">650</subfield>
  </datafield>
  <datafield tag="712" ind1="0" ind2="0">
    <subfield code="a">Landi, Giovanni</subfield>
    <subfield code="3">IT\ICCU\CNCT\000325</subfield>
    <subfield code="4">650</subfield>
  </datafield>
  <datafield tag="790" ind1=" " ind2="0">
    <subfield code="a">Raimundus</subfield>
    <subfield code="c"> : de Vineis</subfield>
    <subfield code="3">IT\ICCU\CNCA\018277</subfield>
    <subfield code="z">Raimondo : da#Capua</subfield>
  </datafield>
  <datafield tag="790" ind1=" " ind2="0">
    <subfield code="a">Raimundus</subfield>
    <subfield code="c"> : de#Capua</subfield>
    <subfield code="3">IT\ICCU\CNCA\023399</subfield>
    <subfield code="z">Raimondo : da#Capua</subfield>
  </datafield>
  <datafield tag="790" ind1=" " ind2="1">
    <subfield code="a">Capua,</subfield>
    <subfield code="b">Raimundus : de</subfield>
    <subfield code="3">IT\ICCU\CNCA\023400</subfield>
    <subfield code="z">Raimondo : da#Capua</subfield>
  </datafield>
  <datafield tag="790" ind1=" " ind2="1">
    <subfield code="a">Politi,</subfield>
    <subfield code="b">Ambrogio Catarino</subfield>
    <subfield code="3">IT\ICCU\CNCA\007207</subfield>
    <subfield code="z">Politi, Lancellotto</subfield>
  </datafield>
  <datafield tag="790" ind1=" " ind2="1">
    <subfield code="a">Catarino,</subfield>
    <subfield code="b">Ambrogio</subfield>
    <subfield code="3">IT\ICCU\CNCA\007928</subfield>
    <subfield code="z">Politi, Lancellotto</subfield>
  </datafield>
  <datafield tag="790" ind1=" " ind2="0">
    <subfield code="a">Ambrosio Catarino</subfield>
    <subfield code="c"> : da#Siena</subfield>
    <subfield code="3">IT\ICCU\CNCA\018056</subfield>
    <subfield code="z">Politi, Lancellotto</subfield>
  </datafield>
  <datafield tag="791" ind1="0" ind2="2">
    <subfield code="a">Michelangelo di Bartolomeo</subfield>
    <subfield code="3">IT\ICCU\CNCT\000324</subfield>
    <subfield code="z">Libri, Michelangelo de&apos;</subfield>
  </datafield>
  <datafield tag="791" ind1="0" ind2="2">
    <subfield code="a">M. di B. F.</subfield>
    <subfield code="3">IT\ICCU\CNCT\002369</subfield>
    <subfield code="z">Libri, Michelangelo de&apos;</subfield>
  </datafield>
  <datafield tag="791" ind1="0" ind2="2">
    <subfield code="a">M. di Bart. F.</subfield>
    <subfield code="3">IT\ICCU\CNCT\002370</subfield>
    <subfield code="z">Libri, Michelangelo de&apos;</subfield>
  </datafield>
  <datafield tag="791" ind1="0" ind2="0">
    <subfield code="a">Bartolomeo, Michele Angelo di</subfield>
    <subfield code="3">IT\ICCU\CNCT\002371</subfield>
    <subfield code="z">Libri, Michelangelo de&apos;</subfield>
  </datafield>
  <datafield tag="791" ind1="0" ind2="2">
    <subfield code="a">Michelangelo de&apos; Libri</subfield>
    <subfield code="3">IT\ICCU\CNCT\002372</subfield>
    <subfield code="z">Libri, Michelangelo de&apos;</subfield>
  </datafield>
  <datafield tag="791" ind1="0" ind2="2">
    <subfield code="a">Michelagnolo di Bart. di F.</subfield>
    <subfield code="3">IT\ICCU\CNCT\003276</subfield>
    <subfield code="z">Libri, Michelangelo de&apos;</subfield>
  </datafield>
  <datafield tag="791" ind1="0" ind2="2">
    <subfield code="a">Michael Angelus Bartholomei</subfield>
    <subfield code="3">IT\ICCU\CNCT\004961</subfield>
    <subfield code="z">Libri, Michelangelo de&apos;</subfield>
  </datafield>
  <datafield tag="791" ind1="0" ind2="2">
    <subfield code="a">Giovanni di Alexandro</subfield>
    <subfield code="3">IT\ICCU\CNCT\002718</subfield>
    <subfield code="z">Landi, Giovanni</subfield>
  </datafield>
  <datafield tag="791" ind1="0" ind2="2">
    <subfield code="a">G. di A. L.</subfield>
    <subfield code="3">IT\ICCU\CNCT\002892</subfield>
    <subfield code="z">Landi, Giovanni</subfield>
  </datafield>
  <datafield tag="791" ind1="0" ind2="2">
    <subfield code="a">Giovanni di A. L.</subfield>
    <subfield code="3">IT\ICCU\CNCT\002893</subfield>
    <subfield code="z">Landi, Giovanni</subfield>
  </datafield>
  <datafield tag="791" ind1="0" ind2="2">
    <subfield code="a">Ioannes Alexandri</subfield>
    <subfield code="3">IT\ICCU\CNCT\004896</subfield>
    <subfield code="z">Landi, Giovanni</subfield>
  </datafield>
  <datafield tag="801" ind1=" " ind2="3">
    <subfield code="a">IT</subfield>
    <subfield code="b">ICCU</subfield>
    <subfield code="c">20201114</subfield>
  </datafield>
  <datafield tag="899" ind1=" " ind2=" ">
    <subfield code="a">Biblioteca nazionale centrale. Firenze</subfield>
    <subfield code="z">MUTILO</subfield>
    <subfield code="1">FI0098</subfield>
    <subfield code="2">CFI CF</subfield>
  </datafield>
  <datafield tag="899" ind1=" " ind2=" ">
    <subfield code="a">Biblioteca Moreniana. Firenze</subfield>
    <subfield code="z">MUTILO</subfield>
    <subfield code="1">FI0099</subfield>
    <subfield code="2">RT1 BP</subfield>
  </datafield>
  <datafield tag="899" ind1=" " ind2=" ">
    <subfield code="a">Biblioteca umanistica. Sede di Lettere. Firenze</subfield>
    <subfield code="1">FI0211</subfield>
    <subfield code="2">UFI LT</subfield>
  </datafield>
  <datafield tag="899" ind1=" " ind2=" ">
    <subfield code="a">Biblioteca Diocesana Mons. Giuliano Agresti. Lucca</subfield>
    <subfield code="z">MUTILO</subfield>
    <subfield code="1">LU0023</subfield>
    <subfield code="2">PBE 86</subfield>
  </datafield>
  <datafield tag="899" ind1=" " ind2=" ">
    <subfield code="a">Biblioteca Ludovico Jacobilli del Seminario vescovile. Foligno</subfield>
    <subfield code="1">PG0040</subfield>
    <subfield code="2">UM1 39</subfield>
  </datafield>
  <datafield tag="899" ind1=" " ind2=" ">
    <subfield code="a">Biblioteca nazionale centrale. Roma</subfield>
    <subfield code="1">RM0267</subfield>
    <subfield code="2">BVE CR</subfield>
  </datafield>
  <datafield tag="899" ind1=" " ind2=" ">
    <subfield code="a">Biblioteca Casanatense. Roma</subfield>
    <subfield code="1">RM0313</subfield>
    <subfield code="2">RML 07</subfield>
  </datafield>
  <datafield tag="899" ind1=" " ind2=" ">
    <subfield code="a">Biblioteca Giuliana Cavallini del Centro Internazionale di studi cateriniani. Roma</subfield>
    <subfield code="1">RM0375</subfield>
    <subfield code="2">IEI SC</subfield>
  </datafield>
  <datafield tag="899" ind1=" " ind2=" ">
    <subfield code="a">Biblioteca comunale degli Intronati. Siena</subfield>
    <subfield code="1">SI0046</subfield>
    <subfield code="2">RT1 QI</subfield>
  </datafield>
  <datafield tag="899" ind1=" " ind2=" ">
    <subfield code="a">Biblioteche della Fondazione Giorgio Cini onlus. Venezia</subfield>
    <subfield code="1">VE0239</subfield>
    <subfield code="2">VEA FC</subfield>
  </datafield>
  <datafield tag="911" ind1=" " ind2=" ">
    <subfield code="a">In fine.</subfield>
    <subfield code="9">IT\ICCU\CNCM\002665</subfield>
  </datafield>
  <datafield tag="921" ind1=" " ind2=" ">
    <subfield code="a">IT\ICCU\CNCM\002665</subfield>
    <subfield code="b">Monte a tre cime in scudo, sormontato da Giovanni Battista e ai lati s. Caterina e s. Bernardino. In basso le iniziali G.L.</subfield>
    <subfield code="c">U1179</subfield>
    <subfield code="f">MONTE</subfield>
    <subfield code="f">STELLE</subfield>
    <subfield code="f">G L</subfield>
    <subfield code="f">S.GIOVANNI</subfield>
    <subfield code="f">S.CATERINA</subfield>
    <subfield code="g">1524</subfield>
  </datafield>
</record>
</collection>
